@Book{Circle,
title = {The Book of Circles Visualizing Spheres of Knowledge},
author = {Manuel Lima},
ALTeditor = {Sara Stemen},
publisher = {Princeton Architectural Press, New York, U.S.A.},
year = {2017},
OPTkey = {Graphics, Data, Visualization},
}
@Book{docu_ggplot2,
    author = {Hadley Wickham},
    title = {ggplot2: Elegant Graphics for Data Analysis},
    publisher = {Springer-Verlag New York, U.S.A.},
    year = {2016},
    isbn = {978-3-319-24277-4},
    url = {https://ggplot2.tidyverse.org},
  }
@Article{docu_circlize,
    title = {circlize implements and enhances circular visualization in R},
    author = {Zuguang Gu and Lei Gu and Roland Eils and Matthias Schlesner and Benedikt Brors},
    journal = {Bioinformatics},
    volume = {30},
    issue = {19},
    pages = {2811-2812},
    year = {2014},
    url = {https://CRAN.R-project.org/package=circlize},
  }
@Manual{docu_cmplot,
    title = {CMplot: Circle Manhattan Plot},
    author = {{LiLin-Yin}},
    year = {2019},
    note = {R package version 3.5.1},
    url = {https://CRAN.R-project.org/package=CMplot},
  }
@Article{docu_plotrix,
    year = {2006},
    title = {Plotrix: a package in the red light district of R},
    journal = {R-News},
    volume = {6},
    number = {4},
    pages = {8-12},
    author = {Lemon J},
    url = {https://CRAN.R-project.org/package=plotrix},
  }
@Manual{docu_cplot,
    title = {cplots: Plots for Circular Data},
    author = {Danli Xu and Yong Wang},
    year = {2019},
    note = {R package version 0.4-0},
    url = {https://www.rdocumentation.org/packages/cplots},
  }
@Manual{docu_rcharts,
    title = {rCharts: Interactive Charts using Javascript Visualization Libraries},
    author = {Ramnath Vaidyanathan},
    year = {2013},
    note = {R package version 0.4.5},
    url = {https://ramnathv.github.io/rCharts},
  }
@Manual{docu_plotly,
    title = {plotly for R},
    author = {Carson Sievert},
    year = {2018},
    url = {https://plotly-r.com},
  }
@Manual{docu_ggiraph,
    title = {ggiraph: Make 'ggplot2' Graphics Interactive},
    author = {David Gohel and Panagiotis Skintzos},
    year = {2019},
    note = {R package version 0.7.0},
    url = {https://CRAN.R-project.org/package=ggiraph},
  }
@Manual{docu_ggiraphExtra,
    title = {ggiraphExtra: Make Interactive 'ggplot2'. Extension to 'ggplot2' and 'ggiraph'},
    author = {Keon-Woong Moon},
    year = {2018},
    note = {R package version 0.2.9},
    url = {https://CRAN.R-project.org/package=ggiraphExtra},
  }
@Manual{docu_ggraph,
    title = {ggraph: An Implementation of Grammar of Graphics for Graphs and Networks},
    author = {Thomas Lin Pedersen},
    year = {2020},
    note = {R package version 2.0.2},
    url = {https://CRAN.R-project.org/package=ggraph},
  }
@Manual{docu_webr,
    title = {webr: Data and Functions for Web-Based Analysis},
    author = {Keon-Woong Moon},
    year = {2020},
    note = {R package version 0.1.5},
    url = {https://CRAN.R-project.org/package=webr},
  }
@Manual{docu_sunburstr,
    title = {sunburstR: Sunburst 'Htmlwidget'},
    author = {Mike Bostock and Kerry Rodden and Kevin Warne and Kent Russell},
    year = {2019},
    note = {R package version 2.1.3},
    url = {https://CRAN.R-project.org/package=sunburstR},
  }
@Manual{docu_htmlwidget,
    title = {htmlwidgets: HTML Widgets for R},
    author = {Ramnath Vaidyanathan and Yihui Xie and JJ Allaire and Joe Cheng and Kenton Russell},
    year = {2019},
    note = {R package version 1.5.1},
    url = {https://CRAN.R-project.org/package=htmlwidgets},
  }
@Article{docu_tidyverse,
    title = {Welcome to the {tidyverse}},
    author = {Hadley Wickham and Mara Averick and Jennifer Bryan and Winston Chang and Lucy D'Agostino McGowan and Romain François and Garrett Grolemund and Alex Hayes and Lionel Henry and Jim Hester and Max Kuhn and Thomas Lin Pedersen and Evan Miller and Stephan Milton Bache and Kirill Müller and Jeroen Ooms and David Robinson and Dana Paige Seidel and Vitalie Spinu and Kohske Takahashi and Davis Vaughan and Claus Wilke and Kara Woo and Hiroaki Yutani},
    year = {2019},
    journal = {Journal of Open Source Software},
    volume = {4},
    number = {43},
    pages = {1686},
    doi = {10.21105/joss.01686},
    url = {https://CRAN.R-project.org/package=tidyverse},
  }
@Manual{docu_viridis,
    title = {viridis: Default Color Maps from 'matplotlib'},
    author = {Simon Garnier},
    year = {2018},
    note = {R package version 0.5.1},
    url = {https://CRAN.R-project.org/package=viridis},
  }
@Manual{docu_ggforce,
    title = {ggforce: Accelerating 'ggplot2'},
    author = {Thomas Lin Pedersen},
    year = {2019},
    note = {R package version 0.3.1},
    url = {https://CRAN.R-project.org/package=ggforce},
  }
@Manual{docu_packcircles,
    title = {packcircles: Circle Packing},
    author = {Michael Bedward and David Eppstein and Peter Menzel},
    year = {2018},
    note = {R package version 0.3.3},
    url = {https://CRAN.R-project.org/package=packcircles},
  }
@Manual{docu_circlepacker,
    title = {circlepackeR: htmlwidget for Mike Bostock d3.js circle packing visualization},
    author = {Mike Bostock and Jerome Froelich},
    year = {2015},
    note = {R package version 0.0.0.9000},
    url = {https://github.com/jeromefroe/circlepackeR},
  }
@Manual{docu_voronoitreemap,
    title = {voronoiTreemap: Voronoi Treemaps with Added Interactivity by Shiny},
    author = {Alexander Kowarik and Bernhard Meindl and Malaver Vojvodic and Mike Bostock and Franck Lebeau},
    year = {2019},
    note = {R package version 0.2.0},
    url = {https://CRAN.R-project.org/package=voronoiTreemap},
  }
@Article{docu_ape,
    title = {ape 5.0: an environment for modern phylogenetics and evolutionary analyses in {R}},
    author = {E. Paradis and K. Schliep},
    journal = {Bioinformatics},
    year = {2018},
    volume = {35},
    pages = {526-528},
    url = {https://CRAN.R-project.org/package=ape},
  }
@Manual{docu_chorddiag,
    title = {chorddiag: Interactive Chord Diagrams},
    author = {Matthias Flor},
    year = {2020},
    note = {R package version 0.1.2},
    url = {http://github.com/mattflor/chorddiag/},
  }
@Article{docu_igraph,
    title = {The igraph software package for complex network research},
    author = {Gabor Csardi and Tamas Nepusz},
    journal = {InterJournal},
    volume = {Complex Systems},
    pages = {1695},
    year = {2006},
    url = {http://igraph.org},
  }
@Article{docu_qgraph,
    title = {{qgraph}: Network Visualizations of Relationships in Psychometric Data},
    author = {Sacha Epskamp and Ang\'elique O. J. Cramer and Lourens J. Waldorp and Verena D. Schmittmann and Denny Borsboom},
    journal = {Journal of Statistical Software},
    year = {2012},
    volume = {48},
    number = {4},
    pages = {1--18},
    url = {http://www.jstatsoft.org/v48/i04/},
  }
@Manual{docu_tigris,
    title = {tigris: Load Census TIGER/Line Shapefiles},
    author = {Kyle Walker},
    year = {2020},
    note = {R package version 0.9.2},
    url = {https://CRAN.R-project.org/package=tigris},
  }
@Manual{docu_fmsb,
    title = {{fmsb}: Functions for Medical Statistics Book with some Demographic Data},
    author = {Minato Nakazawa},
    year = {2019},
    note = {R package version 0.7.0},
    url = {https://cran.r-project.org/package=fmsb},
  }
@Manual{docu_r,
    title = {RDocumentation: Integrate R with 'RDocumentation'},
    author = {Jonathan Cornelissen},
    year = {2018},
    note = {R package version 0.8.2},
    url = {https://CRAN.R-project.org/package=RDocumentation},
    url = {https://www.rdocumentation.org/},
  }
@misc{cauldron,
    title={Level up Software Development Analytics},
     url={https://cauldron.io/},
     journal={Cauldron},
}
@Article{tfg,
  author       = {Cristopher Calva C\'ardenas}, 
  title        = {Estado del arte en visualizaci\'on de redes con R},
  journal       = {Universidad de Alcal\'a, Escuela Polit\'ecnica Superior},
  year         = {2019},
}
@misc{R,
    title={Lenguaje de programaci\'on R},
     url={https://www.r-project.org/},
     journal={The R Foundation},
}
@Book{Info,
title = {Information Graphics, A Comprehensive Illustrated Reference},
author = {Robert L. Harris},
ALTeditor = {Faye Goolrick},
publisher = {Management Graphics, Atlanta Georgia, U.S.A.},
year = {1996},
OPTkey = {Graphics, Data, Visualization},
}
@Book{Data,
title = {Data Visualization, A Practical Introduction},
author = {Kieran Healy},
publisher = {Princeton University Press, New Jersey, U.S.A.},
year = {2019},
OPTkey = {Graphics, Data, Visualization},
}
@book{rae,
    author    = "{REAL ACADEMIA ESPA\~NOLA}",
    title     = "Diccionario de la lengua espa\~nola",
    edition  = "23 en l\'inea",
    url= {https://dle.rae.es},
    note	= "14/06/2020",
}
@article{vitaly,
    author    = "Vitaly Friedman",
    title     = "Data Visualization and Infographics",
    journal   = "Smashing Magazine",
    year      = "2008",
    month    = "Enero",
    url     = {https://www.smashingmagazine.com/2008/01/monday-inspiration-data-visualization-and-infographics/},
}
@article{zingchart,
    author    = "Phil Simon",
    title     = "The Increasing Importance of Data Visualization: An Interview with ZingChart’s Thomas Powell",
    journal   = "Huffpost",
    year      = "2017",
    month    = "Diciembre",
    url     = {https://www.huffpost.com/entry/the-increasing-importance_b_9837722},
}
@article{sexy,
    author    = "Fernanda Viegas y Martin Wattenberg",
    title     = "How to make data look sexy",
    journal   = "CNN",
    year      = "2011",
    month    = "Abril",
    url     = {http://edition.cnn.com/2011/OPINION/04/19/sexy.data/index.html?_s=PM:OPINION},
}
@article{moma,
    author    = "Sey Min",
    title     = "Data visualization design and the art of depicting reality",
    journal   = "   MoMA",
    year      = "2015",
    month    = "Diciembre",
    url     = {https://www.moma.org/explore/inside_out/2015/12/10/data-visualization-design-and-the-art-of-depicting-reality/},
}
@article{art,
    author    = "Jacoba Urist",
    title     = "From Paint to Pixels",
    journal   = "The Atlantic",
    year      = "2015",
    month    = "Mayo",
    url     = {https://www.theatlantic.com/entertainment/archive/2015/05/the-rise-of-the-data-artist/392399/},
}
@article{history,
    author    = "Gil Press",
    title     = "A Very Short History Of Data Science",
    journal   = "Forbes",
    year      = "2013",
    month    = "Mayo",
    url     = {https://www.forbes.com/sites/gilpress/2013/05/28/a-very-short-history-of-data-science/#76f33e6f55cf},
}
@manual{articulos,
	title = "Data Visualization, The State of the Art",
	author		= "Frists H. Post, Gregory M. Nielson y Georges-Pierre Bonneau",
	publisher = {Springer Science+Business Media, LLC},
	year		= "2003",
}
@article{coord_carte,
    author    = "Stover, Christopher y Weisstein, Eric W.",
    title     = "Cartesian Coordinates",
    journal   = "MathWorld",
    url     = {https://mathworld.wolfram.com/CartesianCoordinates.html},
}
@article{coord_polar,
    author    = " Stover, Christopher y Weisstein, Eric W.",
    title     = "Polar Coordinates",
    journal   = "MathWorld",
    url     = {https://mathworld.wolfram.com/PolarCoordinates.html},
}
@article{circulo,
    author    = " Weisstein, Eric W.",
    title     = "Circle",
    journal   = "MathWorld",
    url     = {https://mathworld.wolfram.com/Circle.html},
}
@article{cebolla_cultura,
    author    = "Eugene W. Bunkowske",
    title     = "The Cultural Onion",
    year      = "2002",
}
@article{cebolla_biogas,
author = {Čuček, Lidija and Hjaila, Kefah and Klemeš, Jiri and Kravanja, Zdravko},
year = {2017},
month = {01},
pages = {1687-1692},
title = {Onion Diagram Implementation to the Synthesis of a Biogas Production Network},
volume = {61},
journal = {Chemical Engineering Transactions},
doi = {10.3303/CET1761279}
}
@article{cultivation,
    author = {Saw, Jimmy H. W. AND Schatz, Michael AND Brown, Mark V. AND Kunkel, Dennis D. AND Foster, Jamie S. AND Shick, Harry AND Christensen, Stephanie AND Hou, Shaobin AND Wan, Xuehua AND Donachie, Stuart P.},
    journal = {PLOS ONE},
    publisher = {Public Library of Science},
    title = {Cultivation and Complete Genome Sequencing of Gloeobacter kilaueensis sp. nov., from a Lava Cave in Kīlauea Caldera, Hawai'i},
    year = {2013},
    month = {10},
    volume = {8},
    url = {https://doi.org/10.1371/journal.pone.0076376},
    pages = {1-12},
    number = {10},
    doi = {10.1371/journal.pone.0076376}
}
@Article{genoma,
author={Li, Jian-Liang
and Mazar, Joseph
and Zhong, Cuncong
and Faulkner, Geoffrey J.
and Govindarajan, Subramaniam S.
and Zhang, Zhan
and Dinger, Marcel E.
and Meredith, Gavin
and Adams, Christopher
and Zhang, Shaojie
and Mattick, John S.
and Ray, Animesh
and Perera, Ranjan J.},
title={Genome-wide methylated CpG island profiles of melanoma cells reveal a melanoma coregulation network},
journal={Scientific Reports},
year={2013},
month={Oct},
day={16},
volume={3},
number={1},
pages={2962},
issn={2045-2322},
doi={10.1038/srep02962},
url={https://doi.org/10.1038/srep02962}
}
@article{Jax_de_leon,
    author    = "Jax de Le\'on",
    title     = "Illinois: Visualizing Music",
    year   = "2020",
    url      = {https://www.jaxdeleon.com/illinois/wordusagecircles},
}
@article{cebolla,
    title     = "Rainbow and onion diagrams",
    year   = "03/01/2012",
   journal = "UN Women",
    url      = {https://www.endvawnow.org/en/articles/1186-rainbow-and-onion-diagrams.html},
}
@article{mat_arqui,
    author    = "Weisstein, Eric W.",
    title     = "Archimedes' Spiral",
    journal   = "MathWorld",
    url     = {https://mathworld.wolfram.com/ArchimedesSpiral.html},
}
@article{mat_log,
    author    = "Weisstein, Eric W.",
    title     = "Logarithmic Spiral",
    journal   = "MathWorld",
    url     = {https://mathworld.wolfram.com/LogarithmicSpiral.html},
}
@article{mat_theo,
    author    = "Weisstein, Eric W.",
    title     = "Theodorus Spiral",
    journal   = "MathWorld",
    url     = {https://mathworld.wolfram.com/TheodorusSpiral.html},
}
@article{mat_hiper,
    author    = "Weisstein, Eric W.",
    title     = "Hyperbolic Spiral",
    journal   = "MathWorld",
    url     = {https://mathworld.wolfram.com/HyperbolicSpiral.html},
}
@article{mat_prime,
    author    = "Weisstein, Eric W.",
    title     = "Prime Spiral",
    journal   = "MathWorld",
    url     = {https://mathworld.wolfram.com/PrimeSpiral.html},
}
@article{tipos_espiral,
    author    = "G. N. QUAM and MARY BATTELL QUAM",
    title     = "Types of graphic classifications of the elements. III. Spiral, helical, and miscellaneous charts",
    year      = "May, 1934",
    journal = "Journal of Chemical Education",
}
@INPROCEEDINGS{espiral,  author={M. {Weber} and M. {Alexa} and W. {Muller}},  booktitle={IEEE Symposium on Information Visualization, 2001. INFOVIS 2001.},   title={Visualizing time-series on spirals},   year={2001},  volume={},  number={},  pages={7-13},}

@article{espiral_inte,
    author    = "John V. Carlis and Joseph A. Konstan",
    title     = "Interactive visualization of serial periodic data",
    year      = "Nov, 1998",
    doi={10.1145/288392.288399},
   url = {https://doi.org/10.1145/288392.288399},
}
@article{pie-bad,
    author    = "Steve Fenton",
    title     = "Pie Charts are Bad",
    year      = "17, Abr, 2009",
    journal = "Steve Fenton",
   url = {https://www.stevefenton.co.uk/2009/04/pie-charts-are-bad/},
}
@article{save-pie,
    author    = "Stephen Few",
    title     = "Save the Pies for Dessert",
    year      = "Ago, 2007",
    journal = "Perceptual Edge",
   url = {http://www.perceptualedge.com/articles/08-21-07.pdf},
}
@article{humble-pie,
    author    = " Ian Spen",
    title     = " No Humble Pie: The Origins and Usage of a Statistical",
    year      = "Dic, 2005",
    journal = " Journal of Educational and Behavioral Statistics",
    doi={10.3102/10769986030004353},
   url = {https://doi.org/10.3102/10769986030004353},
}
@article{pie-explode,
author = {Feitelson, Dror},
year = {2004},
month = {01},
pages = {},
title = {Comparing Partitions with Spie Charts},
url ={https://www.cse.huji.ac.il/~feit/papers/Spie03TR.pdf},
}
@Book{rose-book,
title = {Speaking of Graphics, Chapter 5, Florence Nightingale and Polar Area Diagrams},
author = {Paul J. Lewi},
year = {11, Feb, 2006},
url = {http://www.datascope.be/sog/SOG-Chapter5.pdf},
}
@article{rose-desing,
    author    = "Hugh Small",
    title     = " Florence Nightingale’s Hockey Stick The Real Message of her Rose Diagraml",
    year      = " 3, Oct, 2012",
   url = {http://www.florence-nightingale-avenging-angel.co.uk/Nightingale_Hockey_Stick.pdf},
}
@article{rose,
    author    = "International Baccalaureate (UK) Ltd",
    title     = " The Polar Area Diagrams of Florence Nightingale",
    year      = "2012",
   url = {http://xmltwo.ibo.org/publications/DP/Group5/d_5_matsl_tsm_1205_1/html/xmltwo.ibo.org/publications/DP/Group5/d_5_matsl_tsm_1205_1/pdf/example06_e.pdf},
}
@article{mat-grid,
    author    = "Uznanski, Dan",
    title     = "Grid",
    journal   = "MathWorld",
    url     = {https://mathworld.wolfram.com/Grid.html},
}
@Book{grid-book,
title = {Handbook of Grid Generation},
author = {Joe F. Thompson and Bharat K. Soni and Nigel P. Weatherill},
year = {1998},
}
@Book{tree-book,
title = {Matching and Learning in Trees},
author = {Tetsuji Kuboyama},
publisher = {Department of Advanced Interdisciplinary Studies, Graduate School of Engineering, The University of Tokyo},
year = {2007},
}
@article{busines-tree,
author = {Vliegen, Roel and Wijk, Jarke and van der Linden, Erik-Jan},
year = {2006},
month = {09},
pages = {789-96},
title = {Visualizing Business Data with Generalized Treemaps},
volume = {12},
journal = {IEEE transactions on visualization and computer graphics},
doi = {10.1109/TVCG.2006.200}
}
@misc{radial-tree-example,
    title={Radial Tree Viewer},
    author ="Nihar Sheth",
year = "2003",
     url={http://www.visualcomplexity.com/vc/project.cfm?id=26},
     url = {http://iv.slis.indiana.edu/ref/iv03contest/index.html},
     journal={School of Informatics - Indiana University},
}
@Book{radial-tree,
title = {Radial Tree Graph Drawing Algorithm for Representing Large Hierarchies},
author = {Greg Book and Neeta Keshary},
publisher = {University of Connecticut},
year = {Dic, 2001},
url = {https://www.yumpu.com/en/document/read/13734839/radial-tree-graph-drawing-algorithm-for-representing-gbook},
}
@article{multi-pie,
    author    = "Jeff Clark",
    title     = "Multi-level Pie Charts",
    journal   = "Neoformix",
    year = "27, Jul, 2006",
    url     = {http://www.neoformix.com/2006/MultiLevelPieChart.html},
}
@article{rayos-vs-tree,
author = {Herbert, Ric and Webber, Richard and Jiang, Wei},
year = {2006},
month = {01},
pages = {},
title = {Space-filling Techniques in Visualizing Output from Computer Based Economic Models},
journal = {Society for Computational Economics, Computing in Economics and Finance 2006}
}
@article{rayos,
author = {Stasko, John and CATRAMBONE, RICHARD and Guzdial, Mark and MCDONALD, KEVIN},
year = {2000},
month = {11},
pages = {663-694},
title = {Evaluation of space-filling information visualizations for depicting hierarchical structures},
volume = {53},
journal = {International Journal of Human-Computer Studies},
doi = {10.1006/ijhc.2000.0420}
}
@article{rayos-inte,
author = {Stasko, John and Zhang, Eugene},
year = {2000},
month = {02},
pages = {57-65},
title = {Focus+Context Display and Navigation Techniques for Enhancing Radial, Space-Filling Hierarchy Visualizations},
volume = {2000},
isbn = {0-7695-0804-9},
journal = {Proceedings of the IEEE Symposium on Information Vizualization},
doi = {10.1109/INFVIS.2000.885091}
}
@article{rayos-intera,
author = {Woodburn, Linda and Yang, Yalong and Marriott, Kim},
year = {2019},
month = {08},
pages = {},
title = {Interactive Visualisation of Hierarchical Quantitative Data: An Evaluation}
}
@book{radar-book,
author = {Chambers, J.M. and Cleveland, W.S. and Kleiner, B. and Tukey, P.A.},
year = {2018},
month = {01},
pages = {1-395},
title = {Graphical methods for data analysis},
journal = {Graphical Methods for Data Analysis},
doi = {10.1201/9781351072304}
}
@book{book-radar,
author = {Nancy R. Tague},
year = {2005},
title = {Quality Toolbox},
publisher = {American Society for Quality (ASQ)},
ISBN      = " 0-87389-639-4",
}
@book{multivariable,
author = {David W. Scott},
year = {2015},
title = {Multivariate Density Estimation: Theory, Practice, and Visualization},
publisher = {Wiley},
ISBN      = " 0471697559",
}
@article{multidimensional,
    author = {Porter, Michael M. AND Niksiar, Pooya},
    journal = {PLOS ONE},
    publisher = {Public Library of Science},
    title = {Multidimensional mechanics: Performance mapping of natural biological systems using permutated radar charts},
    year = {2018},
    month = {09},
    volume = {13},
    url = {https://doi.org/10.1371/journal.pone.0204309},
    pages = {1-18},
    number = {9},
    doi = {10.1371/journal.pone.0204309}
}
@article{psicologo,
author = {Bar, Moshe and Neta, Maital},
year = {2006},
month = {09},
pages = {645-8},
title = {“Humans prefer curved visual objects”},
volume = {17},
journal = {Psychological science},
doi = {10.1111/j.1467-9280.2006.01759.x},
}
@article{historia-barras,
author = {Beniger, James and Robyn, Dorothy},
year = {1978},
month = {02},
pages = {1-11},
title = {Quantitative Graphics in Statistics: A Brief History},
volume = {32},
journal = {American Statistician - AMER STATIST},
doi = {10.1080/00031305.1978.10479235},
}
@article{tree-map,
author = {Page Laubhiemer},
year = {2019},
month = {09},
day = {29},
title = {Treemaps: Data Visualization of Complex Hierarchies},
journal = {Nielsen Norman Group},
url = {https://www.nngroup.com/articles/treemaps/},
}
@INPROCEEDINGS{bar-example,
author = {Bohman, Samuel},
year = {2015},
month = {09},
pages = {302-315},
title = {Data Visualization: An Untapped Potential for Political Participation and Civic Engagement},
isbn = {978-3-319-22388-9 978-3-319-22389-6},
doi = {10.1007/978-3-319-22389-6_22},
}
@article{line-example,
author = {Jer Thorp},
year = {2009},
title = {Process: NYT Threads},
url = {https://www.flickr.com/photos/blprnt/albums/72157615416212775},
}
@article{disp-bubble,
author = {Tim Bock},
year = {2020},
month = {04},
day = {23},
title = {What is a Bubble Chart?},
journal = {Display R},
url = {https://www.displayr.com/what-is-a-bubble-chart/},
}
@article{pack-book,
author = {Stephenson, Kenneth},
year = {2005},
title = {Introduction to circle packing: The theory of discrete analytic functions},
journal = {Cambridge University Press},
isbn       = {0-521-82356-0},
}
@article{chart-bubble,
author = {Mike Yi},
year = {2019},
month = {10},
day = {23},
title = {A Complete Guide to Bubble Charts},
journal = {Chartio},
url = {https://chartio.com/learn/charts/bubble-chart-complete-guide/},
}
@article{mat-voronoi,
    author    = "Weisstein, Eric W.",
    title     = "Voronoi Diagraml",
    journal   = "MathWorld",
    url     = {https://mathworld.wolfram.com/VoronoiDiagram.html},
}
@INPROCEEDINGS{tree-voronoi,
  acmid      = {1106574},
  address    = {Washington, DC, USA},
  author     = {M. Balzer and O. Deussen},
  booktitle  = {Proceedings of the Proceedings of the 2005 IEEE Symposium on Information Visualization},
  doi        = {10.1109/INFOVIS.2005.40},
  isbn       = {0-7803-9464-x},
  keywords   = {Voronoi Treemaps, Information Visualization, Hierarchies,Trees, Treemaps, Voronoi Tessellations},
  pages      = {7--},
  publisher  = {IEEE Computer Society},
  series     = {INFOVIS '05},
  title      = {Voronoi Treemaps},
  year       = {2005},
  url        = {http://graphics.uni-konstanz.de/publikationen/Balzer2005VoronoiTreemaps},
}
@article{ex-plcir,
author = {Jessica Stewart},
year = {2017},
month = {04},
day = {06},
title = {Eye-Opening History of Round Homes and Why Curves Matter in Architecture},
journal = {My Modern Met},
url = {https://mymodernmet.com/round-home-architecture/},
}
@misc{st-buffer,
title = {Geometry Processing: ST-Buffer},
journal = {postgis},
url = {http://www.postgis.org/docs/ST_Buffer.html},
}
@article{math-sphere,
    author    = "Weisstein, Eric W.",
    title     = "Sphere",
    journal   = "MathWorld",
    url     = {https://mathworld.wolfram.com/Sphere.html},
}
@article{esfera-tree,
author = {Herman, I. and Melançon, Guy and Marshall, M.S.},
year = {2000},
month = {02},
pages = {24 - 43},
title = {Graph Visualization and Navigation in Information Visualization: A Survey},
volume = {6},
journal = {Visualization and Computer Graphics, IEEE Transactions on},
doi = {10.1109/2945.841119},
}
@article{dicc-stat,
author = {Everitt, B. and Skrondal, A.},
year = {1999},
month = {06},
title = {The Cambridge Dictionary of Statistics},
volume = {94},
journal = {Journal of the American Statistical Association},
doi = {10.2307/2670205},
}
@article{den,
    author = {Galili, Tal},
    title = {dendextend: an R package for visualizing, adjusting and comparing trees of hierarchical clustering},
    journal = {Bioinformatics},
    volume = {31},
    number = {22},
    pages = {3718-3720},
    year = {2015},
    month = {07},
    issn = {1367-4803},
    doi = {10.1093/bioinformatics/btv428},
    url = {https://doi.org/10.1093/bioinformatics/btv428},
}
@article{cycling-chord,
author = {Bac\'ik, Vladim\'ir and Klobucn\'ik, Michal},
year = {2018},
month = {09},
pages = {5-24},
title = {Possibilities of using selected visualization methods for historical analysis of sporting event - An example of stage cycling race Tour de France},
volume = {37},
journal = {Quaestiones Geographicae},
doi = {10.2478/quageo-2018-0022},
}
@misc{refugee-chord,
title = {Visualization map the refugee flows},
url = {https://blog.csaladen.es/refugees/},
}
@article{chord-charts,
author = {Tori Cliffrd},
year = {2018},
month = {08},
day = {3},
title = {5 Inspirational Chord Diagrams: Visualizing Data},
journal = {StreetLight Data},
url = {https://www.streetlightdata.com/chord-diagrams-visualizing-data/},
}
@misc{flow-example,
title = {What are you going to do with that degree?},
author = {Ben Schmidt},
url = {http://benschmidt.org/jobs/},
}
@article{estructuras-jerarquicas,
author = {Holten, Danny},
year = {2006},
month = {09},
pages = {741-8},
title = {Hierarchical Edge Bundles: Visualization of Adjacency Relations in Hierarchical Data},
volume = {12},
journal = {IEEE transactions on visualization and computer graphics},
doi = {10.1109/TVCG.2006.147},
}
